<?xml version="1.0" encoding="UTF-8"?><collection xmlns="http://www.loc.gov/MARC21/slim"><record><leader>00289nam--2200121-i-4500</leader><controlfield tag="001">000021172</controlfield><controlfield tag="002">20161230</controlfield><controlfield tag="005">20161230201034</controlfield><controlfield tag="008">060222s1000------------r-----000-0-eng-d</controlfield><datafield ind1=" " ind2=" " tag="100"><subfield code="a">Grobner, Wolfgang</subfield></datafield><datafield ind1=" " ind2=" " tag="245"><subfield code="a">Matrizenrechnung</subfield></datafield><datafield ind1=" " ind2=" " tag="260"><subfield code="a">Munchen, R. Oldenbourg, 1956. 249p</subfield></datafield><datafield ind1=" " ind2=" " tag="852"><subfield code="a">12672</subfield></datafield></record></collection>